@article{liebel16sosym,
	author={Liebel, Grischa and Marko, Nadja and Tichy, Matthias and Leitner, Andrea and Hansson, J{\"o}rgen},
	title={Model-based engineering in the embedded systems domain: an industrial survey on the state-of-practice},
	journal={Software {\&} Systems Modeling},
	year={2016},
	pages={1--23},
	doi={10.1007/s10270-016-0523-3},
}